<record><leader>00000cas a22000007a 4500</leader><controlfield tag="001">14906646</controlfield><controlfield tag="008">861201d19061930ksuwr ne      0    0eng d</controlfield><datafield ind1=" " ind2=" " tag="010"><subfield code="a">sn 86064525 </subfield></datafield><datafield ind1=" " ind2=" " tag="040"><subfield code="a">KSH</subfield><subfield code="b">eng</subfield><subfield code="c">KSH</subfield><subfield code="d">NPT</subfield><subfield code="d">OCL</subfield><subfield code="d">OCLCQ</subfield></datafield><datafield ind1=" " ind2=" " tag="042"><subfield code="a">msc</subfield></datafield><datafield ind1="0" ind2=" " tag="130"><subfield code="a">Ellis review-headlight (Ellis, Kan. : 1906)</subfield></datafield><datafield ind1="1" ind2="4" tag="245"><subfield code="a">The Ellis review-headlight.</subfield></datafield><datafield ind1=" " ind2=" " tag="260"><subfield code="a">Ellis, Kan. :</subfield><subfield code="b">F.J. Brettle,</subfield><subfield code="c">1906-1930.</subfield></datafield><datafield ind1=" " ind2=" " tag="300"><subfield code="a">25 v. :</subfield><subfield code="b">ill. ;</subfield><subfield code="c">55 cm.</subfield></datafield><datafield ind1=" " ind2=" " tag="310"><subfield code="a">Weekly</subfield></datafield><datafield ind1="0" ind2=" " tag="362"><subfield code="a">Vol. 21, no. 4 (Dec. 7, 1906)-v. 46, no. 23 (Feb. 27, 1930).</subfield></datafield><datafield ind1=" " ind2=" " tag="752"><subfield code="a">United States</subfield><subfield code="b">Kansas</subfield><subfield code="c">Ellis</subfield><subfield code="d">Ellis.</subfield></datafield><datafield ind1="0" ind2="0" tag="780"><subfield code="t">Review-headlight (Ellis, Kan. : 1905)</subfield><subfield code="w">(DLC)sn 86064524</subfield></datafield><datafield ind1="0" ind2="0" tag="785"><subfield code="t">Ellis review (Ellis, Kan. : 1930)</subfield><subfield code="w">(DLC)sn 84029681</subfield></datafield></record>